@book{sholl2011density,
  title={Density functional theory: a practical introduction},
  author={Sholl, David and Steckel, Janice A},
  year={2011},
  publisher={John Wiley \& Sons}
}

@book{stokes2000solid,
  title={Solid State Physics for Advanced Undergraduate Students},
  author={Stokes, Harold T},
  year={2000},
  publisher={Brigham Young University}
}

@article{giannozzi2009quantum,
  title={QUANTUM ESPRESSO: a modular and open-source software project for quantum simulations of materials},
  author={Giannozzi, Paolo and Baroni, Stefano and Bonini, Nicola and Calandra, Matteo and Car, Roberto and Cavazzoni, Carlo and Ceresoli, Davide and Chiarotti, Guido L and Cococcioni, Matteo and Dabo, Ismaila and others},
  journal={Journal of physics: Condensed matter},
  volume={21},
  number={39},
  pages={395502},
  year={2009},
  publisher={IOP Publishing}
}

@article{ram2004schrodinger,
  title={The Schr{\"o}dinger--Poisson self-consistency in layered quantum semiconductor structures},
  author={Ram-Mohan, LR and Yoo, KH and Moussa, J},
  journal={Journal of applied physics},
  volume={95},
  number={6},
  pages={3081--3092},
  year={2004},
  publisher={AIP}
}

@article{PhysRev.136.B864,
  title = {Inhomogeneous Electron Gas},
  author = {Hohenberg, P. and Kohn, W.},
  journal = {Phys. Rev.},
  volume = {136},
  issue = {3B},
  pages = {B864--B871},
  numpages = {0},
  year = {1964},
  month = {Nov},
  publisher = {American Physical Society},
  doi = {10.1103/PhysRev.136.B864},
  url = {http://link.aps.org/doi/10.1103/PhysRev.136.B864}
}

@article{PhysRevB.88.155105,
  title = {Cluster expansion made easy with Bayesian compressive sensing},
  author = {Nelson, Lance J. and Ozoli\ifmmode \mbox{\c{n}}\else \c{n}\fi{}\ifmmode \check{s}\else \v{s}\fi{}, Vidvuds and Reese, C. Shane and Zhou, Fei and Hart, Gus L. W.},
  journal = {Phys. Rev. B},
  volume = {88},
  issue = {15},
  pages = {155105},
  numpages = {10},
  year = {2013},
  month = {Oct},
  publisher = {American Physical Society},
  doi = {10.1103/PhysRevB.88.155105},
  url = {http://link.aps.org/doi/10.1103/PhysRevB.88.155105}
}

@ARTICLE{2017arXiv170103080N,
   author = {{Nguyen}, A.~H. and {Rosenbrock}, C.~W. and {Reese}, C.~S. and 
	{Hart}, G.~L.~W.},
    title = "{The Robustness of Cluster Expansion: Assessing the Roles of Relaxation and Numerical Error}",
  journal = {ArXiv e-prints},
archivePrefix = "arXiv",
   eprint = {1701.03080},
 primaryClass = "cond-mat.mtrl-sci",
 keywords = {Condensed Matter - Materials Science},
     year = 2017,
    month = jan,
   adsurl = {http://adsabs.harvard.edu/abs/2017arXiv170103080N},
  adsnote = {Provided by the SAO/NASA Astrophysics Data System}
}
